@book{B1,
    author = "JMarc Peter Deisenrot and Aldo Faisal and Cheng Soon Ong.",
    title = "Mathematics for Machine Learning",
    Publisher="Cambridge University Press",
    addendum = "Accessed April 27,2021"
}.1038/s41569-020-0360-5}}



% http://lavalle.pl/planning/book.pdf

% https://citeseerx.ist.psu.edu/viewdoc/download?doi=10.1.1.578.1776&rep=rep1&type=pdf